<?xml version="1.0" encoding="UTF-8"?><collection xmlns="http://www.loc.gov/MARC21/slim"><record><leader>00318nam--2200121-i-4500</leader><controlfield tag="001">000018871</controlfield><controlfield tag="002">20161230</controlfield><controlfield tag="005">20161230201032</controlfield><controlfield tag="008">060222s1000------------r-----000-0-eng-d</controlfield><datafield ind1=" " ind2=" " tag="100"><subfield code="a">Taulbee, Orrin E</subfield></datafield><datafield ind1=" " ind2=" " tag="260"><subfield code="a">Electronic Information Habling</subfield></datafield><datafield ind1=" " ind2=" " tag="490"><subfield code="a">Washington, Spartan Books, 1965. Vii + 355 P</subfield></datafield><datafield ind1=" " ind2=" " tag="700"><subfield code="a">Kent, Allen</subfield></datafield></record></collection>